%% This BibTeX bibliography file was created using BibDesk.
%% https://bibdesk.sourceforge.io/

%% Created for POOJA BANSAL at 2019-03-05 10:58:24 +0100 


%% Saved with string encoding Unicode (UTF-8) 



@article{Mason,
	Author = {Z. Griliches and W. Mason},
	Date-Added = {2019-03-05 09:51:26 +0000},
	Date-Modified = {2019-03-05 09:51:41 +0000},
	Title = {Education, Income, and Ability", Journal of Political Economy},
	Year = {1972}}

@article{Chow,
	Author = {E. Johnson and G. Chow},
	Date-Added = {2019-03-05 09:50:26 +0000},
	Date-Modified = {2019-03-05 09:50:53 +0000},
	Journal = {Pacific Economic Review},
	Title = {Rates of Return to Schooling in China},
	Year = {1997}}

@article{Birnbaum,
	Author = {Birnbaum, H},
	Date-Added = {2019-03-05 09:49:14 +0000},
	Date-Modified = {2019-03-05 09:49:37 +0000},
	Journal = {Southern Economic Review},
	Title = {Career origins, on-the-job training, and earnings},
	Year = {1976}}

@article{Stewart,
	Author = {Stewart, M.},
	Date-Added = {2019-03-05 09:47:58 +0000},
	Date-Modified = {2019-03-05 09:49:00 +0000},
	Journal = {Centre for Labour Economic Discussion Papers},
	Title = {he determinants of earnings in Britain: An occupation-specific approach},
	Year = {1977}}

@article{Knight,
	Author = {J. de Beyer and J. Knight},
	Date-Added = {2019-03-05 09:43:53 +0000},
	Date-Modified = {2019-03-05 09:44:21 +0000},
	Journal = {Oxford Economic Papers,},
	Title = {The role of occupation in the determination of wages},
	Year = {1989}}

@article{Edwards,
	Author = {Rick Edwards},
	Date-Added = {2019-03-05 09:41:42 +0000},
	Date-Modified = {2019-03-05 09:43:16 +0000},
	Journal = {Journal of Human Resources},
	Title = {Individual Traits and Organiza- tional Incentives: What Makes A 'Good' Worker?},
	Year = {1976}}

@article{Osborne,
	Author = {Samuel Bowles, Herbert Gintis & Melissa Osborne},
	Date-Added = {2019-03-05 09:39:47 +0000},
	Date-Modified = {2019-03-05 09:40:29 +0000},
	Title = {The Determinants of Earnings: A Behavioral Approach},
	Year = {2001}}

@article{Urzua,
	Author = {Heckman, J. Stixrud and S. Urzua},
	Date-Added = {2019-03-05 09:37:23 +0000},
	Date-Modified = {2019-03-05 09:37:48 +0000},
	Journal = {National Bureau of Economic Research},
	Title = {The Effects of Cognitive and Noncognitive Abilities on Labor Market Outcomes and Social Behavior},
	Year = {2006}}

@article{Gintis,
	Author = {Cosin B., Bowles S. ,and Gintis H. },
	Date-Added = {2019-03-05 09:36:01 +0000},
	Date-Modified = {2019-03-05 09:57:55 +0000},
	Journal = {The British Journal of Sociology},
	Title = {Schooling in Capitalist America},
	Year = {1979}}

@article{zax,
	Author = {Zax, J. S. and D. I. Rees},
	Date-Added = {2019-03-05 09:34:42 +0000},
	Date-Modified = {2019-03-05 09:35:05 +0000},
	Journal = {Review of Economics and Statistics},
	Title = {IQ, academic performance, environment, and earnings},
	Year = {2002}}

@article{heckman,
	Author = {Cawley J., Heckman J. and E. Vytlacil},
	Date-Added = {2019-03-05 09:33:47 +0000},
	Date-Modified = {2019-03-05 09:58:24 +0000},
	Journal = {Labour Economics},
	Title = {Three observations on wages and measured cognitive ability},
	Year = {2001}}

@article{farkas,
	Author = {Farkas, P. England, K. Vicknair and B. Kilbourne},
	Date-Added = {2019-03-05 09:31:37 +0000},
	Date-Modified = {2019-03-05 09:33:09 +0000},
	Journal = {Social Forces},
	Title = {Cognitive Skill, Skill Demands of Jobs, and Earnings among Young European American, African American, and Mexican American Workers},
	Year = {1997}}

@article{levy,
	Author = {R.Murnane,J.Willett and F. Levy},
	Date-Added = {2019-03-05 09:30:39 +0000},
	Date-Modified = {2019-03-05 09:31:08 +0000},
	Journal = {MA: National Bureau of Economic Research},
	Title = {The growing importance of cognitive skills in wage determination},
	Year = {1995}}

@article{heineck,
	Author = {S. Anger and G. Heineck},
	Date-Added = {2019-03-05 09:25:05 +0000},
	Date-Modified = {2019-03-05 09:26:51 +0000},
	Journal = {OEP papers on Multidisciplinary Panel Data Research},
	Title = {Do Smart Parents Raise Smart Children? The Intergenerational Transmission of Cognitive Abilities},
	Year = {2010}}

@book{Arbuckle10,
	Address = {Birmingham, UK},
	Author = {Daniel Arbuckle},
	Publisher = {Packt Publishing},
	Title = {Python Testing: Beginner's Guide},
	Year = {2010}}

@article{Baiocchi07,
	Author = {Baiocchi, Giovanni},
	Journal = {Computational Economics},
	Month = {August},
	Number = {1},
	Pages = {19-40},
	Title = {Reproducible research in computational economics: guidelines, integrated approaches, and open source software},
	Volume = {30},
	Year = {2007}}

@article{Barnes10,
	Author = {Nick Barnes},
	Journal = {Nature},
	Month = {October},
	Pages = {753},
	Title = {Publish Your Computer Code: It is Good Enough},
	Volume = {467},
	Year = {2010}}

@book{Barr04,
	Author = {Adam Barr},
	Publisher = {Addison Wesley},
	Title = {Find the Bug. A Book of Incorrect Programs},
	Year = {2004}}

@unpublished{Brandl10,
	Author = {Georg Brandl},
	Month = {July},
	Note = {Available at \url{http://sphinx.pocoo.org/}},
	Title = {Sphinx Documentation},
	Year = {2010}}

@book{CampbellEtAl09,
	Author = {Jennifer Campbell and Paul Gries and Jason Montojo and Gregory V. Wilson},
	Editor = {Daniel H. Steinberg},
	Publisher = {The Pragmatic Programmers},
	Series = {Practical Programming},
	Title = {An Introduction to Computer Science Using {Python}},
	Year = {2009}}

@article{Dubois05,
	Author = {Paul F. Dubois},
	Journal = {Computing in Science \& Engineering},
	Number = {3},
	Pages = {80-85},
	Title = {Maintaining correctness in scientific programs},
	Volume = {7},
	Year = {2005}}

@book{FreemanPryce10,
	Address = {Boston, MA, USA},
	Author = {Steve Freeman and Nat Pryce},
	Publisher = {Addison Wesley},
	Title = {Growing Object-Oriented Software, Guided by Tests},
	Year = {2010}}

@unpublished{GaudeckerEconProjectTemplates,
	Author = {Hans-Martin von Gaudecker},
	Note = {\url{https://doi.org/10.5281/zenodo.2533241}},
	Title = {Templates for Reproducible Research Projects in Economics},
	Year = {2019}}

@article{KellyHookSanders09,
	Author = {Diane Kelly and D. Hook and Rebecca Sanders},
	Journal = {Computing in Science \& Engineering},
	Number = {5},
	Pages = {48-53},
	Title = {Five Recommended Practices for Computational Scientists Who Write Software},
	Volume = {11},
	Year = {2009}}

@article{KoenkerZeileis09,
	Author = {Roger Koenker and Achim Zeileis},
	Journal = {Journal of Applied Econometrics},
	Number = {5},
	Pages = {833-847},
	Title = {On Reproducible Econometric Research},
	Volume = {24},
	Year = {2009}}

@article{Koepke11,
	Author = {Hoyt Koepke},
	Journal = {Hacker Monthly},
	Title = {Why Python Rocks for Research},
	Volume = {8},
	Year = {2011}}

@book{KopkaDaly04,
	Author = {Helmut Kopka and Patrick W. Daly},
	Edition = {4},
	Publisher = {Addison Wesley / Pearson Education},
	Title = {Guide to \LaTeX},
	Year = {2004}}

@book{Langtangen08,
	Address = {Berlin and Heidelberg, Germany},
	Author = {Hans Petter Langtangen},
	Edition = {3},
	Publisher = {Springer},
	Title = {Python Scripting for Computational Science},
	Year = {2008}}

@book{Langtangen09,
	Address = {Berlin and Heidelberg, {Germany}},
	Author = {Hans Petter Langtangen},
	Publisher = {Springer},
	Title = {A Primer on Scientific Programming with Python},
	Year = {2009}}

@article{Loong07,
	Author = {Theresa Song Loong},
	Journal = {The {Prac\TeX} Journal},
	Number = {3},
	Title = {The Beginner's Forest of {\LaTeX}},
	Year = {2007}}

@book{Lutz07,
	Author = {Mark Lutz},
	Edition = {3},
	Publisher = {O'Reilly Media},
	Title = {Learning Python},
	Year = {2007}}

@article{McCullough07,
	Author = {B. D. {McCullough}},
	Journal = {Econ Journal Watch},
	Month = {September},
	Number = {3},
	Pages = {326-337},
	Title = {Got Replicability? {The} \emph{Journal of Money, Credit and Banking Archive}},
	Volume = {4},
	Year = {2007}}

@article{Merali10,
	Author = {Zeeya Merali},
	Journal = {Nature},
	Pages = {775-777},
	Title = {Computational science: ...Error},
	Volume = {467},
	Year = {2010}}

@unpublished{Verfaille08,
	Author = {Vincent Verfaille},
	Month = {January},
	Note = {Available at \url{http://www.cirmmt.mcgill.ca/activities/workshops/training/latex/details/pdf-slides}},
	Title = {{\LaTeX} workshop for advanced users... or at least not beginners!},
	Year = {2008}}

@book{Wilson05,
	Author = {Gregory V. Wilson},
	Publisher = {The Pragmatic Programmers},
	Title = {Data Crunching},
	Year = {2005}}

@unpublished{WilsonEtAl12,
	Author = {Gregory V. Wilson and D. A. Aruliah and C. Titus Brown and Neil P. Chue Hong and Matt Davis and Richard T. Guy and Steven H. D. Haddock and Katy Huff and Ian Mitchell and Mark Plumbley and Ben Waugh and Ethan P. White and Paul Wilson},
	Month = {November},
	Note = {Available at \url{http://arxiv.org/abs/1210.0530}},
	Title = {Best Practices for Scientific Computing},
	Year = {2012}}
